<?xml version="1.0" encoding="utf-8"?>
<record xmlns="http://www.loc.gov/MARC21/slim" xmlns:xsi="http://www.w3.org/2001/XMLSchema-instance" xsi:schemaLocation="http://www.loc.gov/MARC21/slim http://www.loc.gov/standards/marcxml/schema/MARC21slim.xsd">
	<leader>
		02843nam a2200493   4500
	</leader>
	<controlfield tag="001">
		2635202
	</controlfield>
	<controlfield tag="003">
		NNC
	</controlfield>
	<controlfield tag="006">
		m        d        
	</controlfield>
	<controlfield tag="007">
		cr cn |||m|||a
	</controlfield>
	<controlfield tag="008">
		151102s1963    sy      o     000 0 arar 
	</controlfield>
	<datafield ind1=" " ind2=" " tag="040">
		<subfield code="a">
			NNU
		</subfield>
		<subfield code="b">
			eng
		</subfield>
		<subfield code="e">
			rda
		</subfield>
		<subfield code="c">
			NNU
		</subfield>
	</datafield>
	<datafield ind1=" " ind2="4" tag="050">
		<subfield code="a">
			S411
		</subfield>
		<subfield code="b">
			.S475
		</subfield>
	</datafield>
	<datafield ind1="1" ind2=" " tag="100">
		<subfield code="6">
			880-01
		</subfield>
		<subfield code="a">
			Chihabi, Moustapha.
		</subfield>
	</datafield>
	<datafield ind1="1" ind2="0" tag="245">
		<subfield code="a">
			Akhṭāʼ shāʼiʻah fī alfāẓ al-ʻulūm al-zirāʻīyah wa-al-nabātīyah, wa-kalimāt muwallidah yufīd iqrārahā.
		</subfield>
		<subfield code="c">
			bi-qalam Muṣṭafā al-Shihābī.
		</subfield>
	</datafield>
	<datafield ind1=" " ind2=" " tag="260">
		<subfield code="a">
			Dimashq,
		</subfield>
		<subfield code="c">
			1963.
		</subfield>
	</datafield>
	<datafield ind1=" " ind2=" " tag="300">
		<subfield code="a">
			online resource (72 pages)
		</subfield>
	</datafield>
	<datafield ind1=" " ind2=" " tag="336">
		<subfield code="a">
			text
		</subfield>
		<subfield code="2">
			rdacontent
		</subfield>
	</datafield>
	<datafield ind1=" " ind2=" " tag="337">
		<subfield code="a">
			computer
		</subfield>
		<subfield code="2">
			rdamedia
		</subfield>
	</datafield>
	<datafield ind1=" " ind2=" " tag="338">
		<subfield code="a">
			online resource
		</subfield>
		<subfield code="2">
			rdacarrier
		</subfield>
	</datafield>
	<datafield ind1="0" ind2=" " tag="490">
		<subfield code="a">
			Maṭbūʻāt al-Majmaʻ al-ʻIlmī al-ʻArabī bi-Dimashq
		</subfield>
	</datafield>
	<datafield ind1=" " ind2=" " tag="500">
		<subfield code="a">
			&quot;Sulaylah min majallat al-majmaʻ fī al-mujallad 38.&quot;
		</subfield>
	</datafield>
	<datafield ind1=" " ind2=" " tag="500">
		<subfield code="a">
			Part of the Arabic Collections Online (ACO) project, contributed by Columbia University Libraries.
		</subfield>
	</datafield>
	<datafield ind1=" " ind2=" " tag="533">
		<subfield code="a">
			Electronic reproduction.
		</subfield>
		<subfield code="b">
			New York, N.Y. :
		</subfield>
		<subfield code="c">
			New York University,
		</subfield>
		<subfield code="d">
			2015.
		</subfield>
		<subfield code="5">
			NNU
		</subfield>
	</datafield>
	<datafield ind1=" " ind2="0" tag="650">
		<subfield code="a">
			Agriculture
		</subfield>
		<subfield code="v">
			Terminology.
		</subfield>
	</datafield>
	<datafield ind1=" " ind2="0" tag="650">
		<subfield code="a">
			Arabic language
		</subfield>
		<subfield code="v">
			Glossaries, vocabularies, etc.
		</subfield>
	</datafield>
	<datafield ind1=" " ind2="7" tag="650">
		<subfield code="a">
			Agriculture.
		</subfield>
		<subfield code="2">
			fast
		</subfield>
		<subfield code="0">
			(OCoLC)fst00801355
		</subfield>
	</datafield>
	<datafield ind1=" " ind2="7" tag="650">
		<subfield code="a">
			Arabic language.
		</subfield>
		<subfield code="2">
			fast
		</subfield>
		<subfield code="0">
			(OCoLC)fst00812287
		</subfield>
	</datafield>
	<datafield ind1=" " ind2="7" tag="655">
		<subfield code="a">
			Glossaries, vocabularies, etc.
		</subfield>
		<subfield code="2">
			fast
		</subfield>
		<subfield code="0">
			(OCoLC)fst01423786
		</subfield>
	</datafield>
	<datafield ind1=" " ind2="7" tag="655">
		<subfield code="a">
			Terminology.
		</subfield>
		<subfield code="2">
			fast
		</subfield>
		<subfield code="0">
			(OCoLC)fst01423880
		</subfield>
	</datafield>
	<datafield ind1="2" ind2=" " tag="710">
		<subfield code="a">
			Columbia University.
		</subfield>
		<subfield code="b">
			Libraries.
		</subfield>
	</datafield>
	<datafield ind1="0" ind2=" " tag="730">
		<subfield code="a">
			Arabic Collections Online.
		</subfield>
	</datafield>
	<datafield ind1="0" ind2="8" tag="776">
		<subfield code="i">
			Online version:
		</subfield>
		<subfield code="a">
			Chihabi, Moustapha.
		</subfield>
		<subfield code="t">
			Akhṭāʼ shāʼiʻah fī alfāẓ al-ʻulūm al-zirāʻīyah wa-al-nabātīyah, wa-kalimāt muwallidah yufīd iqrārahā.
		</subfield>
		<subfield code="d">
			Dimashq, 1963
		</subfield>
		<subfield code="w">
			(OCoLC)551578750
		</subfield>
	</datafield>
	<datafield ind1="0" ind2="8" tag="776">
		<subfield code="i">
			Print version:
		</subfield>
		<subfield code="a">
			Chihabi, Moustapha.
		</subfield>
		<subfield code="t">
			Akhṭāʼ shāʼiʻah fī alfāẓ al-ʻulūm al-zirāʻīyah wa-al-nabātīyah, wa-kalimāt muwallidah yufīd iqrārahā
		</subfield>
		<subfield code="w">
			(NNC)2635202
		</subfield>
		<subfield code="w">
			(DLC)ne 65002535 
		</subfield>
		<subfield code="w">
			(OCoLC)10396041
		</subfield>
	</datafield>
	<datafield ind1="2" ind2=" " tag="810">
		<subfield code="a">
			Majmaʻ al-ʻIlmī al-ʻArabī bi-Dimashq.
		</subfield>
		<subfield code="t">
			Maṭbūʻāt.
		</subfield>
	</datafield>
	<datafield ind1="4" ind2="0" tag="856">
		<subfield code="u">
			http://hdl.handle.net/2333.1/jm63xwg7
		</subfield>
	</datafield>
	<datafield ind1="4" ind2="0" tag="856">
		<subfield code="u">
			http://hdl.handle.net/2333.1/jm63xwg7
		</subfield>
	</datafield>
	<datafield ind1="1" ind2=" " tag="880">
		<subfield code="6">
			100-01/r
		</subfield>
		<subfield code="a">
			شهابي، مصطفى.
		</subfield>
	</datafield>
	<datafield ind1="1" ind2="0" tag="880">
		<subfield code="6">
			245-00/r
		</subfield>
		<subfield code="a">
			أخطاء شائعة في ألفاظ العلوم الزراعية والنباتية، وكلمات مولدة يفيد إقرارها /
		</subfield>
		<subfield code="c">
			بقلم مصطفى الشهابي.
		</subfield>
	</datafield>
	<datafield ind1=" " ind2=" " tag="880">
		<subfield code="6">
			260-00/r
		</subfield>
		<subfield code="a">
			دمشق :
		</subfield>
		<subfield code="b">
			المجمع العلمي العربي،
		</subfield>
		<subfield code="c">
			1963.
		</subfield>
	</datafield>
	<datafield ind1="1" ind2=" " tag="880">
		<subfield code="6">
			490-00/r
		</subfield>
		<subfield code="a">
			مطبوعات المجمع العلمي العربي بدمشق
		</subfield>
	</datafield>
	<datafield ind1=" " ind2="0" tag="880">
		<subfield code="6">
			830-00/r
		</subfield>
		<subfield code="a">
			مطبوعات المجمع العلمي العربي بدمشق.
		</subfield>
	</datafield>
	<datafield ind1=" " ind2=" " tag="959">
		<subfield code="a">
			NNU
		</subfield>
		<subfield code="b">
			WEB
		</subfield>
		<subfield code="c">
			GENI
		</subfield>
		<subfield code="t">
			0
		</subfield>
		<subfield code="m">
			Electronic access
		</subfield>
		<subfield code="s">
			01
		</subfield>
	</datafield>
	<datafield ind1=" " ind2=" " tag="959">
		<subfield code="a">
			NNU
		</subfield>
		<subfield code="b">
			WEB
		</subfield>
		<subfield code="c">
			GENI
		</subfield>
		<subfield code="t">
			0
		</subfield>
		<subfield code="m">
			Electronic access
		</subfield>
		<subfield code="s">
			01
		</subfield>
	</datafield>
	<datafield ind1=" " ind2=" " tag="999">
		<subfield code="i">
			NNC_2635202
		</subfield>
		<subfield code="o">
			(OCoLC)ocm10396041 
		</subfield>
		<subfield code="s">
			columbia_aco001275
		</subfield>
		<subfield code="e">
			(ERROR-880)(ERROR-SERIES)
		</subfield>
	</datafield>
</record>
